@ARTICLE{NIE-GCN,
  author={Zhang, Yi and Zhang, Yiwen and Yan, Dengcheng and He, Qiang and Yang, Yun},
  journal={IEEE Transactions on Systems, Man, and Cybernetics: Systems}, 
  title={NIE-GCN: Neighbor Item Embedding-Aware Graph Convolutional Network for Recommendation}, 
  year={2024},
  volume={54},
  number={5},
  pages={2810-2821},
}

@Article{bipratite_fig,
AUTHOR = {Xiao, Yan and Li, Congdong and Liu, Vincenzo},
TITLE = {DFM-GCN: A Multi-Task Learning Recommendation Based on a Deep Graph Neural Network},
JOURNAL = {Mathematics},
VOLUME = {10},
YEAR = {2022},
NUMBER = {5},
}